@article{timke_2024,
    title = {紧致安全的多阶段密钥交换协议},
    journaltitle = {密码学报},
    journal = {密码学报},
    year = {2024},
    author = {{吴景涛} and {王立斌}},
    langid = {pinyin},
    keywords = {紧致安全},
}

@misc{pan_lattice-based_2023,
    title = {Lattice-based authenticated key exchange with tight security},
    url = {https://eprint.iacr.org/2023/823},
    year = {2023},
    number = {2023/823},
    author = {Pan, Jiaxin and Wagner, Benedikt and Zeng, Runzhi},
    urldate = {2025-01-26},
    date = {2023},
    langid = {english},
    keywords = {Lattices, Authenticated Key Exchange, Random Oracle, Selective-Opening Security, Tight Security},
}

@inproceedings{fischlin_multi-stage_2014,
    year = {2014},
    location = {New York, {NY}, {USA}},
    title = {Multi-Stage Key Exchange and the Case of Google's {QUIC} Protocol},
    isbn = {978-1-4503-2957-6},
    url = {https://dl.acm.org/doi/10.1145/2660267.2660308},
    doi = {10.1145/2660267.2660308},
    series = {{CCS} '14},
    pages = {1193--1204},
    booktitle = {Proceedings of the 2014 {ACM} {SIGSAC} Conference on Computer and Communications Security},
    publisher = {Association for Computing Machinery},
    author = {Fischlin, Marc and Günther, Felix},
    urldate = {2025-02-19},
    date = {2014-11-03},
    keywords = {linter/error},
}

@article{ideal_lattice_2023,
    title = {理想格上的多阶段认证密钥交换协议},
    volume = {40},
    issn = {1001-3695},
    doi = {10.19734/j.issn.1001-3695.2022.05.0262},
    abstract = {现有的格基认证密钥交换协议普遍基于Bellare-Rogaway等单阶段模型，忽略了实际通信场景中会话密钥建立的阶段分离。针对这一问题，基于{MSKE模型提出了一种格基多阶段认证密钥交换协议}。该方案使用预共享的口令进行认证，并使用Peikert误差消除机制结合服务器静态密钥实现多阶段密钥协商。分析表明，该方案整体只引入少量计算开销，实现了双向认证、二阶会话密钥完美前向保密、抗量子攻击等特性，在{MSKE模型下满足KD}-2FS-M安全等级，是一种简单高效的后量子多阶段密钥交换协议。},
    pages = {278--282},
    number = {1},
    journaltitle = {计算机应用研究},
    journal = {计算机应用研究},
    author = {陈霄 and 王宝成},
    date = {2023},
    year = {2023},
    langid = {pinyin},
    keywords = {格密码, 密钥交换, 前向保密, 误差学习问题},
}


@misc{cao_fast_2014,
    title = {A fast modular reduction method},
    url = {https://eprint.iacr.org/2014/040},
    number = {2014/040},
    author = {Cao, Zhengjun and Wei, Ruizhong and Lin, Xiaodong},
    urldate = {2025-03-18},
    date = {2014},
    year = {2014},
    langid = {english},
    keywords = {Barrett's reduction, lookup-table-based reduction, Montgomery's reduction, run-length-based reduction},
}


@incollection{r_omondi_modular_2020,
    location = {Cham},
    title = {Modular reduction},
    isbn = {978-3-030-34142-8},
    url = {https://doi.org/10.1007/978-3-030-34142-8_4},
    pages = {105--141},
    booktitle = {Cryptography Arithmetic: Algorithms and Hardware Architectures},
    publisher = {Springer International Publishing},
    author = {R. Omondi, Amos},
    editor = {Omondi, Amos R.},
    urldate = {2025-03-22},
    date = {2020},
    year = {2020},
    langid = {english},
    doi = {10.1007/978-3-030-34142-8_4},
}


@misc{cohn-gordon_formal_2016,
    title = {A formal security analysis of the signal messaging protocol},
    url = {https://eprint.iacr.org/2016/1013},
    number = {2016/1013},
    author = {Cohn-Gordon, Katriel and Cremers, Cas and Dowling, Benjamin and Garratt, Luke and Stebila, Douglas},
    urldate = {2025-02-20},
    date = {2016},
    year = {2016},
    langid = {english},
    keywords = {provable security, Signal, authenticated key exchange, future secrecy, messaging, multi-stage key exchange, post-compromise security, protocols},
    file = {Full Text PDF:/Users/shihao/Zotero/storage/QNKP4K4M/[CCD2016]A Formal Security Analysis of the Signal Messaging Protocol.pdf:application/pdf},
}

@misc{schwabe_post-quantum_2020,
    title = {Post-quantum {TLS} without handshake signatures},
    url = {https://eprint.iacr.org/2020/534},
    number = {2020/534},
    author = {Schwabe, Peter and Stebila, Douglas and Wiggers, Thom},
    urldate = {2025-03-19},
    date = {2020},
    year = {2020},
    langid = {english},
    keywords = {post-quantum, {TLS}, Transport Layer Security, authentication protocols, key-encapsulation mechanisms, {NIST} {PQC}, public-key cryptography},
    file = {Full Text PDF:/Users/shihao/Zotero/storage/2AAYLSM8/[SSW2020]Post-quantum TLS without handshake signatures.pdf:application/pdf},
}

@article{noauthor_nist_2022,
    title = {{NIST} announces first four quantum-resistant cryptographic algorithms},
    author = {NIST},
    url = {https://www.nist.gov/news-events/news/2022/07/nist-announces-first-four-quantum-resistant-cryptographic-algorithms},
    abstract = {Federal agency reveals the first group of winners from its six-year competition},
    journaltitle = {Nist},
    shortjournal = {Nist},
    urldate = {2025-03-21},
    date = {2022-07-05},
    year = {2022},
    langid = {english},
}

@misc{dowling_cryptographic_2020,
    title = {A cryptographic analysis of the {TLS} 1.3 handshake protocol},
    url = {https://eprint.iacr.org/2020/1044},
    number = {2020/1044},
    author = {Dowling, Benjamin and Fischlin, Marc and Günther, Felix and Stebila, Douglas},
    urldate = {2025-03-21},
    date = {2020},
    year = {2020},
    langid = {english},
    keywords = {key exchange, {TLS} 1.3, Transport Layer Security protocol},
}


@misc{bader_tightly-secure_2014,
    title = {Tightly-secure authenticated key exchange},
    url = {https://eprint.iacr.org/2014/797},
    number = {2014/797},
    author = {Bader, Christoph and Hofheinz, Dennis and Jager, Tibor and Kiltz, Eike and Li, Yong},
    urldate = {2025-03-21},
    date = {2014},
    year = {2014},
    langid = {english},
    keywords = {Authenticated key exchange, digital signature schemes, Groth-Sahai proofs, tight security proofs},
}


@misc{davis_concrete_2022,
    title = {On the concrete security of {TLS} 1.3 {PSK} mode},
    url = {https://eprint.iacr.org/2022/246},
    number = {2022/246},
    author = {Davis, Hannah and Diemert, Denis and Günther, Felix and Jager, Tibor},
    urldate = {2025-03-21},
    date = {2022},
    year = {2022},
    langid = {english},
    keywords = {indifferentiability, key exchange, tightness, {TLS} 1.3, Transport Layer Security},
}


@report{nist_mlkem_2024,
    location = {Washington, D.C.},
    title = {Module-lattice-based key-encapsulation mechanism standard},
    url = {https://nvlpubs.nist.gov/nistpubs/FIPS/NIST.FIPS.203.pdf},
    pages = {NIST FIPS 203},
    number = {{NIST} {FIPS} 203},
    institution = {National Institute of Standards and Technology (U.S.)},
    author = {{National Institute of Standards and Technology (US)}},
    urldate = {2025-02-20},
    date = {2024-08-13},
    year= {2024},
    langid = {english},
    doi = {10.6028/NIST.FIPS.203},
}



@report{connolly_ml-kem_2024,
    title = {{ML}-{KEM} post-quantum key agreement for {TLS} 1.3},
    url = {https://datatracker.ietf.org/doc/draft-connolly-tls-mlkem-key-agreement},
    abstract = {This memo defines {ML}-{KEM}-512, {ML}-{KEM}-768, and {ML}-{KEM}-1024 as a standalone {NamedGroups} for use in {TLS} 1.3 to achieve post-quantum key agreement.},
    number = {draft-connolly-tls-mlkem-key-agreement-05},
    institution = {Internet Engineering Task Force},
    type = {Internet Draft},
    author = {Connolly, Deire},
    urldate = {2025-02-20},
    date = {2024-11-06},
    year = {2024},
    langid = {english},
}

@online{noauthor_pqc_2025,
    title = {{PQC} support · cloudflare {SSL}/{TLS} docs},
    author= {Cloudflare},
    url = {https://developers.cloudflare.com/ssl/post-quantum-cryptography/pqc-support/},
    titleaddon = {Cloudflare Docs},
    urldate = {2025-03-21},
    date = {2025-03-13},
    year = {2025},
    langid = {english},
}


@report{tls13_2018,
    title = {The transport layer security ({TLS}) protocol version 1.3},
    url = {https://datatracker.ietf.org/doc/rfc8446},
    number = {{RFC} 8446},
    institution = {Internet Engineering Task Force},
    type = {Request for Comments},
    author = {Rescorla, Eric},
    urldate = {2025-03-21},
    date = {2018-08},
    year = {2018},
    langid = {english},
}

@manual{circl,
  title = {Introducing CIRCL: An Advanced Cryptographic Library},
  author = {Faz-Hernandez, Armando and Kwiatkowski, Kris},
  organization = {Cloudflare},
  year = {2019},
  month = {6},
  note = {Available at \url{https://github.com/cloudflare/circl}. v1.6.1 Accessed Apr, 2025},
  abstract = {CIRCL (Cloudflare Interoperable, Reusable Cryptographic Library) is a collection of cryptographic primitives written in Go. The goal of this library is to be used as a tool for experimental deployment of cryptographic algorithms targeting Post-Quantum (PQ) and Elliptic Curve Cryptography (ECC).}
}